[gd_scene load_steps=9 format=2]

[ext_resource path="res://Scenes/Player.tscn" type="PackedScene" id=1]
[ext_resource path="res://Scenes/Level1.gd" type="Script" id=2]
[ext_resource path="res://Scenes/WaveScenes/Wave1.tscn" type="PackedScene" id=3]
[ext_resource path="res://Sprites/stars.png" type="Texture" id=4]
[ext_resource path="res://Scenes/Hud.tscn" type="PackedScene" id=5]
[ext_resource path="res://Scenes/Collectible.tscn" type="PackedScene" id=6]

[sub_resource type="Shader" id=1]
code = "shader_type canvas_item;


uniform vec2 direction = vec2(0, -1	);
uniform float speed = 0.8;

void fragment() {
	COLOR = texture(TEXTURE, UV + (direction * TIME * speed));
}


"

[sub_resource type="ShaderMaterial" id=2]
shader = SubResource( 1 )
shader_param/direction = Vector2( 0, -1 )
shader_param/speed = 0.4

[node name="Node2D" type="Node2D"]
script = ExtResource( 2 )
wave1 = ExtResource( 3 )

[node name="TextureRect" type="TextureRect" parent="."]
material = SubResource( 2 )
anchor_right = 1.0
anchor_bottom = 1.0
margin_right = 256.0
margin_bottom = 256.0
rect_scale = Vector2( 3, 2.4 )
texture = ExtResource( 4 )
__meta__ = {
"_edit_use_anchors_": false
}

[node name="WaveTimers" type="Node" parent="."]

[node name="Wave1" type="Timer" parent="WaveTimers"]
wait_time = 3.0
one_shot = true
autostart = true

[node name="Player" parent="." instance=ExtResource( 1 )]
scale = Vector2( 2, 2 )

[node name="Hud" parent="." instance=ExtResource( 5 )]

[node name="Collectible" parent="." instance=ExtResource( 6 )]
modulate = Color( 0.129412, 0.643137, 0.137255, 1 )
position = Vector2( 597.537, 120.779 )

[connection signal="timeout" from="WaveTimers/Wave1" to="." method="_on_Wave1_timeout"]
[connection signal="bullet_fired" from="Player" to="Hud" method="_on_Player_bullet_fired"]
[connection signal="hit" from="Player" to="Hud" method="_on_Player_hit"]
